@book{10.5555/2695634,
author = {Chacon, Scott and Straub, Ben},
title = {Pro Git},
year = {2014},
isbn = {1484200772},
publisher = {Apress},
address = {USA},
edition = {2nd},
abstract = {Pro Git (Second Edition) is your fully-updated guide to Git and its usage in the modern world. Git has come a long way since it was first developed by Linus Torvalds for Linux kernel development. It has taken the open source world by storm since its inception in 2005, and this book teaches you how to use it like a pro. Effective and well-implemented version control is a necessity for successful web projects, whether large or small. With this book youll learn how to master the world of distributed version workflow, use the distributed features of Git to the full, and extend Git to meet your every need. Written by Git pros Scott Chacon and Ben Straub, Pro Git (Second Edition) builds on the hugely successful first edition, and is now fully updated for Git version 2.0, as well as including an indispensable chapter on GitHub. Its the best book for all your Git needs. What youll learn Effectively use Git, either as a programmer or a project leader Become a fluent Git user Master branching, using Git on the server, and on other systems Integrate Git in your development workflow Migrate programming projects from other SCMs to Git Extend Git for your personal project needs Effectively use GitHub Who this book is for This book is for all open source developers: you are bound to encounter Git somewhere in the course of your working life. Proprietary software developers will appreciate Gits enormous scalability, since it is used for the Linux project, which comprises thousands of developers and testers.}
}
